<record><leader>00000cas a2200000 a 4500</leader><controlfield tag="001">10704002</controlfield><controlfield tag="008">840508d18651903wvudn ne      0   a0eng c</controlfield><datafield ind1=" " ind2=" " tag="010"><subfield code="a">sn 84026844 </subfield></datafield><datafield ind1=" " ind2=" " tag="040"><subfield code="a">NPU</subfield><subfield code="b">eng</subfield><subfield code="c">NPU</subfield><subfield code="d">NPX</subfield><subfield code="d">NPY</subfield><subfield code="d">NPX</subfield><subfield code="d">WVC</subfield><subfield code="d">DLC</subfield><subfield code="d">WVC</subfield><subfield code="d">KNP</subfield><subfield code="d">DLC</subfield><subfield code="d">NYS</subfield><subfield code="d">MGN</subfield><subfield code="d">NVK</subfield><subfield code="d">OBN</subfield><subfield code="d">NVK</subfield><subfield code="d">NVF</subfield><subfield code="d">DLC</subfield><subfield code="d">OCLCQ</subfield><subfield code="d">OCLCF</subfield><subfield code="d">DLC</subfield><subfield code="d">NVK</subfield></datafield><datafield ind1="0" ind2=" " tag="022"><subfield code="a">2333-8547</subfield><subfield code="2">1</subfield></datafield><datafield ind1=" " ind2=" " tag="042"><subfield code="a">pcc</subfield><subfield code="a">nsdp</subfield></datafield><datafield ind1=" " ind2=" " tag="043"><subfield code="a">n-us-wv</subfield></datafield><datafield ind1="0" ind2="0" tag="050"><subfield code="a">Newspaper</subfield></datafield><datafield ind1="0" ind2="0" tag="082"><subfield code="a">071</subfield><subfield code="2">23</subfield></datafield><datafield ind1="0" ind2=" " tag="130"><subfield code="a">Wheeling daily intelligencer (Wheeling, W. Va. : 1865)</subfield></datafield><datafield ind1=" " ind2="4" tag="222"><subfield code="a">The Wheeling daily intelligencer</subfield><subfield code="b">(Wheeling, W. Va. 1865. Print)</subfield></datafield><datafield ind1="1" ind2="4" tag="245"><subfield code="a">The Wheeling daily intelligencer.</subfield></datafield><datafield ind1="3" ind2="0" tag="246"><subfield code="a">Daily intelligencer</subfield></datafield><datafield ind1="1" ind2="3" tag="246"><subfield code="a">Daily Wheeling intelligencer</subfield></datafield><datafield ind1="1" ind2="7" tag="246"><subfield code="a">Wheeling intelligencer</subfield><subfield code="f">June 26, 1865-&lt;Dec. 30, 1865&gt;</subfield></datafield><datafield ind1=" " ind2=" " tag="260"><subfield code="a">Wheeling, W. Va. :</subfield><subfield code="b">Campbell &amp; M'Dermot,</subfield><subfield code="c">1865-1903.</subfield></datafield><datafield ind1=" " ind2=" " tag="300"><subfield code="a">v.</subfield></datafield><datafield ind1=" " ind2=" " tag="310"><subfield code="a">Daily (except Sunday)</subfield></datafield><datafield ind1="0" ind2=" " tag="362"><subfield code="a">Vol. 13, no. 260 (June 26, 1865)-v. 51, no. 142 (Feb. 5, 1903).</subfield></datafield><datafield ind1=" " ind2=" " tag="500"><subfield code="a">"Daily" appears within title ornament.</subfield></datafield><datafield ind1=" " ind2=" " tag="500"><subfield code="a">Publishers: Campbell &amp; M'Dermot, 1856-1866; Campbell, Frew &amp; Co., 1866-1868; Frew, Hagans &amp; Hall, 1868-1873; Frew &amp; Campbell, 1874-1822; Frew, Campbell &amp; Hart, 1882-1892; Intelligencer Pub. Co., 1893-</subfield></datafield><datafield ind1=" " ind2=" " tag="530"><subfield code="a">Available on microfilm from Bell &amp; Howell Information and Learning.</subfield></datafield><datafield ind1=" " ind2=" " tag="530"><subfield code="a">Archived issues are available in digital format as part of the Library of Congress Chronicling America online collection.</subfield></datafield><datafield ind1=" " ind2=" " tag="580"><subfield code="a">Weekly eds.: Wheeling weekly intelligencer, 1865-&lt;1867&gt;, and: Weekly intelligencer (Wheeling, W. Va.), &lt;1873-1890&gt;.</subfield></datafield><datafield ind1=" " ind2=" " tag="580"><subfield code="a">Semiweekly ed.: Wheeling daily intelligencer (Wheeling, W. Va. : Semiweekly), &lt;1876&gt;.</subfield></datafield><datafield ind1=" " ind2="0" tag="651"><subfield code="a">Wheeling (W. Va.)</subfield><subfield code="v">Newspapers.</subfield></datafield><datafield ind1=" " ind2="0" tag="651"><subfield code="a">Ohio County (W. Va.)</subfield><subfield code="v">Newspapers.</subfield></datafield><datafield ind1=" " ind2="7" tag="651"><subfield code="a">West Virginia</subfield><subfield code="z">Ohio County.</subfield><subfield code="2">fast</subfield><subfield code="0">(OCoLC)fst01224107</subfield></datafield><datafield ind1=" " ind2="7" tag="651"><subfield code="a">West Virginia</subfield><subfield code="z">Wheeling.</subfield><subfield code="2">fast</subfield><subfield code="0">(OCoLC)fst01213675</subfield></datafield><datafield ind1=" " ind2="7" tag="655"><subfield code="a">Newspapers.</subfield><subfield code="2">fast</subfield><subfield code="0">(OCoLC)fst01423814</subfield></datafield><datafield ind1=" " ind2=" " tag="752"><subfield code="a">United States</subfield><subfield code="b">West Virginia</subfield><subfield code="c">Ohio</subfield><subfield code="d">Wheeling.</subfield></datafield><datafield ind1="1" ind2=" " tag="775"><subfield code="t">Wheeling weekly intelligencer</subfield><subfield code="w">(DLC)sn 85038297</subfield><subfield code="w">(OCoLC)12141439</subfield></datafield><datafield ind1="1" ind2=" " tag="775"><subfield code="t">Weekly intelligencer (Wheeling, W. Va.)</subfield><subfield code="w">(DLC)sn 84026846</subfield><subfield code="w">(OCoLC)10704090</subfield></datafield><datafield ind1="1" ind2=" " tag="775"><subfield code="t">Wheeling daily intelligencer (Wheeling, W. Va. : Semiweekly)</subfield><subfield code="w">(DLC)sn 86053016</subfield><subfield code="w">(OCoLC)13000311</subfield></datafield><datafield ind1="0" ind2="8" tag="776"><subfield code="i">Online version:</subfield><subfield code="t">Wheeling daily intelligencer (Wheeling, W. Va. : 1865 : Online)</subfield><subfield code="x">2333-8555</subfield><subfield code="w">(DLC)  2013271913</subfield></datafield><datafield ind1="0" ind2="0" tag="780"><subfield code="t">Daily intelligencer (Wheeling, W. Va.)</subfield><subfield code="w">(DLC)sn 84026845</subfield><subfield code="w">(OCoLC)10703943</subfield></datafield><datafield ind1="0" ind2="0" tag="785"><subfield code="t">Wheeling intelligencer</subfield><subfield code="w">(DLC)sn 86092536</subfield><subfield code="w">(OCoLC)13502337</subfield></datafield><datafield ind1="4" ind2="1" tag="856"><subfield code="u">http://www.loc.gov/chroniclingamerica/lccn/sn84026844/issues</subfield></datafield><datafield ind1="4" ind2="1" tag="856"><subfield code="u">www.virginiachronicle.com</subfield></datafield></record>